/Users/psmets/Research/library.bib